@misc {esset-tendencias,
 author       = {{ESSET Latino América}},
 title        = {Tendencias 2015: El mundo corporativo en la mira},
 howpublished = "\url{http://http://www.welivesecurity.com/wp-content/uploads/2015/01/tendencias\_2015\_eset\_mundo\_corporativo.pdf}",
 chapter      = {Prologue},
 pages        = {6},
 month        = {January},
 year         = {2015}
}
@misc {cni-ccn-tendencias-2014,
	author       = {{CNI-Centro Critográfico Nacional}},
	title        = {Informe de Amenazas CCN-CERT IA-03/14: Ciberamenazas 2013 y Tendencias 2014.},
	howpublished = "\url{https://www.ccn-cert.cni.es/publico/dmpublidocuments/CCN-CERT\_IA-03-14-Ciberamenazas\_2013\_Tendencias\_2014-publico.pdf}",
	chapter      = {2},
	pages        = {7,8},
	month        = {October},
	year         = {2014}
}
@misc {cni-ccn-tendencias-2015,
	author       = {{CNI-Centro Critográfico Nacional}},
	title        = {CCN-CERT IA-09/15 Ciberamenazas\_2014 Tendencias\_2015 - Resumen Ejecutivo April 2015.},
	howpublished = "\url{https://www.ccn-cert.cni.es/publico/dmpublidocuments/IE-Ciberamenazas2014-Tendencias-2015.pdf}",
	chapter      = {2},
	pages        = {6},
	month        = {April},
	year         = {2015}
}
@misc {iris-proyecto,
	author       = {{Subdirección General de Organización y Automación, Secretaía General Técnica, Ministerio de Educación y Ciencia}},
	title        = {Proyecto IRIS.},
	howpublished = "\url{http://https://www.rediris.es/rediris/historia/programa-iris.pdf}",
	month        = {November},
	year         = {1985}
}
@misc {verizon-2015,
	author       = {{Verizon Enterprise}},
	title        = {2015 Data Breach Investigations Report.},
	howpublished = "\url{http://www.verizonenterprise.com/resources/reports/rp\_data-breach-investigation-report-2015\_en\_xg.pdf}",
	year         = {2015}
}
@misc {dionaea,
	author       = {{Mark Schloesser}},
	howpublished = "\url{http://dionaea.carnivore.it}",
}
@misc {kippo,
	author       = {{desaster}},
	howpublished = "\url{https://github.com/desaster}",
}
@misc {litecoin,
	howpublished = "\url{https://litecoin.org/}",
}
